% Encoding: UTF-8

@Book{quarteroni2015reduced,
  author    = {Quarteroni, Alfio and Manzoni, Andrea and Negri, Federico},
  publisher = {Springer},
  title     = {{R}educed {B}asis {M}ethods for {P}artial {D}ifferential {E}quations: {A}n {I}ntroduction},
  year      = {2016},
  address   = {Cham, Switzerland},
}

@Article{peherstorfer2016data,
  author    = {Peherstorfer, Benjamin and Willcox, Karen E.},
  journal   = {Computer Methods in Applied Mechanics and Engineering},
  title     = {{D}ata-driven {O}perator {I}nference for {N}onintrusive {P}rojection {B}ased {M}odel {R}eduction},
  year      = {2016},
  pages     = {196--215},
  volume    = {306},
  doi       = {https://doi.org/10.1016/j.cma.2016.03.025},
  publisher = {Elsevier},
}

@Article{ghattas2021learning,
  author    = {Ghattas, Omar and Willcox, Karen E.},
  journal   = {Acta Numerica},
  title     = {{L}earning {P}hysics - {B}ased {M}odels from {D}ata: {P}erspectives from {I}nverse {P}roblems and {M}odel {R}eduction},
  year      = {2021},
  pages     = {445--554},
  volume    = {30},
  doi       = {https://doi.org/10.1017/S0962492921000064},
  publisher = {Cambridge University Press},
}

@Article{GUO2022115336,
  author  = {Mengwu Guo and Shane A. McQuarrie and Karen E. Willcox},
  journal = {Computer Methods in Applied Mechanics and Engineering},
  title   = {{B}ayesian {O}perator {I}nference for {D}ata-{D}riven {R}educed-{O}rder {M}odeling},
  year    = {2022},
  issn    = {0045-7825},
  note    = {A Special Issue in Honor of the Lifetime Achievements of J. Tinsley Oden},
  pages   = {115336},
  volume  = {402},
  doi     = {https://doi.org/10.1016/j.cma.2022.115336},
}

@Article{chen2018neural,
  author  = {Chen, Ricky T. Q. and Rubanova, Yulia and Bettencourt, Jesse and Duvenaud, David},
  journal = {Advances in Neural Information Processing Systems},
  title   = {{N}eural {O}rdinary {D}ifferential {E}quations},
  year    = {2018},
  volume  = {31},
  doi     = {https://doi.org/10.48550/arXiv.1806.07366},
}

@InCollection{Antil2018,
  author    = {Harbir Antil and Dmitriy Leykekhman},
  booktitle = {Frontiers in PDE-Constrained Optimization},
  publisher = {Springer},
  title     = {{A} {B}rief {I}ntroduction to {PDE-C}onstrained {O}ptimization},
  year      = {2018},
  pages     = {3--40},
  doi       = {https://doi.org/10.1007/978-1-4939-8636-1_1},
}

@Misc{bradley2024pde,
  author      = {Andrew M. Bradley},
  note        = {Accessed: 20-Jan-2025},
  title       = {{PDE-C}onstrained {O}ptimization and the {A}djoint {M}ethod},
  year        = {2024},
  institution = {Technical Report. Stanford University},
  url         = {https://cs.stanford.edu/~ambrad/adjoint_tutorial.pdf},
}

@Article{cao2003adjoint,
  author  = {Cao, Yang and Li, Shengtai and Petzold, Linda and Serban, Radu},
  journal = {SIAM Journal on Scientific Computing},
  title   = {{A}djoint {S}ensitivity {A}nalysis for {D}ifferential-{A}lgebraic {E}quations: {T}he {A}djoint {DAE} {S}ystem and {I}ts {N}umerical {S}olution},
  year    = {2003},
  number  = {3},
  pages   = {1076-1089},
  volume  = {24},
  doi     = {https://doi.org/10.1137/S1064827501380630},
}

@Book{mesterton2009primer,
  author    = {Mesterton-Gibbons, Mike},
  publisher = {American Mathematical Society},
  title     = {{A} {P}rimer on the {C}alculus of {V}ariations and {O}ptimal {C}ontrol {T}heory},
  year      = {2009},
  address   = {Providence, Rhode Island},
}

@Article{hu2024note,
  author  = {Hu, Pipi},
  journal = {arXiv preprint arXiv:2402.15141},
  title   = {{A} {N}ote on the {A}djoint {M}ethod for {N}eural {O}rdinary {D}ifferential {E}quation {N}etwork},
  year    = {2024},
  doi     = {https://doi.org/10.48550/arXiv.2402.15141},
}

@Book{liberzon2011calculus,
  author    = {Liberzon, Daniel},
  publisher = {Princeton University Press},
  title     = {{C}alculus of {V}ariations and {O}ptimal {C}ontrol {T}heory: {A} {C}oncise {I}ntroduction},
  year      = {2011},
  address   = {Princeton, NJ},
}

@Book{aggarwal2020linear,
  author    = {Aggarwal, Charu C.},
  publisher = {Springer},
  title     = {{L}inear {A}lgebra and {O}ptimization for {M}achine {L}earning},
  year      = {2020},
  address   = {Cham, Switzerland},
}

@Article{rowley2017model,
  author    = {Rowley, Clarence W. and Dawson, Scott T. M.},
  journal   = {Annual Review of Fluid Mechanics},
  title     = {{M}odel {R}eduction for {F}low {A}nalysis and {C}ontrol},
  year      = {2017},
  number    = {1},
  pages     = {387--417},
  volume    = {49},
  doi       = {https://doi.org/10.1146/annurev-fluid-010816-060042},
  publisher = {Annual Reviews},
}

@Article{kramer2024learning,
  author    = {Kramer, Boris and Peherstorfer, Benjamin and Willcox, Karen E.},
  journal   = {Annual Review of Fluid Mechanics},
  title     = {{L}earning {N}onlinear {R}educed {M}odels from {D}ata with {O}perator {I}nference},
  year      = {2024},
  number    = {1},
  pages     = {521--548},
  volume    = {56},
  doi       = {https://doi.org/10.1146/annurev-fluid-121021-025220},
  publisher = {Annual Reviews},
}

@Article{SENGUPTA2014521,
  author  = {Sengupta, B. and Friston, K. J. and Penny, W. D.},
  journal = {NeuroImage},
  title   = {{E}fficient {G}radient {C}omputation for {D}ynamical {M}odels},
  year    = {2014},
  issn    = {1053-8119},
  pages   = {521-527},
  volume  = {98},
  doi     = {https://doi.org/10.1016/j.neuroimage.2014.04.040},
}

@Article{lundvall2006iterative,
  author  = {Lundvall, Johan and Kozlov, Vladimir and Weinerfelt, Per},
  journal = {Journal of Inverse \& Ill-Posed Problems},
  title   = {{I}terative {M}ethods for {D}ata {A}ssimilation for {B}urgers' {E}quation.},
  year    = {2006},
  number  = {5},
  volume  = {14},
  doi     = {https://doi.org/10.1515/156939406778247589},
}

@Article{mcquarrie2024bayesian,
  author  = {McQuarrie, Shane A. and Chaudhuri, Anirban and Willcox, Karen E. and Guo, Mengwu},
  journal = {Physica D: Nonlinear Phenomena},
  title   = {{B}ayesian {L}earning with {G}aussian {P}rocesses for {L}ow-{D}imensional {R}epresentations of {T}ime-{D}ependent {N}onlinear {S}ystems},
  volume = {475},
  pages = {134572},
  year = {2025},
  issn = {0167-2789},
  doi = {https://doi.org/10.1016/j.physd.2025.134572}
}

@InProceedings{mishra2020optimal,
  author       = {Mishra, Mohit and Besancon, Gildas and Chambon, Guillaume and Baillet, Laurent},
  booktitle    = {2020 European Control Conference (ECC)},
  title        = {{O}ptimal {P}arameter {E}stimation in a {L}andslide {M}otion {M}odel {U}sing the {A}djoint {M}ethod},
  year         = {2020},
  organization = {IEEE},
  pages        = {226--231},
  doi          = {https://doi.org/10.23919/ECC51009.2020.9143819},
}

@InProceedings{zhuang2020adaptive,
  author       = {Zhuang, Juntang and Dvornek, Nicha and Li, Xiaoxiao and Tatikonda, Sekhar and Papademetris, Xenophon and Duncan, James},
  booktitle    = {International Conference on Machine Learning},
  title        = {{A}daptive {C}heckpoint {A}djoint {M}ethod for {G}radient {E}stimation in {N}eural {ODE}},
  year         = {2020},
  organization = {PMLR},
  pages        = {11639--11649},
  doi          = {https://doi.org/10.48550/arXiv.2006.02493},
}

@Misc{opinf2025,
  author = {Willcox Research Group},
  note   = {Accessed: 16-Feb-2025},
  title  = {{O}perator {I}nference for {D}ata-{D}riven {R}educed-{O}rder {M}odeling},
  year   = {2025},
  url    = {https://willcox-research-group.github.io/rom-operator-inference-Python3/source/opinf/intro.html},
}

@Article{luchini2024introduction,
  author  = {Luchini, Paolo and Bottaro, Alessandro},
  journal = {arXiv preprint arXiv:2404.17304},
  title   = {{A}n {I}ntroduction to {A}djoint {P}roblems},
  year    = {2024},
  doi     = {https://doi.org/10.48550/arXiv.2404.17304},
}

@Article{quian2022,
  author  = {Qian, Elizabeth and Farca\c{s}, Ionu\c{t}-Gabriel and Willcox, Karen E.},
  journal = {SIAM Journal on Scientific Computing},
  title   = {{R}educed {O}perator {I}nference for {N}onlinear {P}artial {D}ifferential {E}quations},
  year    = {2022},
  number  = {4},
  pages   = {A1934-A1959},
  volume  = {44},
  doi     = {https://doi.org/10.1137/21M1393972},
}

@Misc{torchdiffeq,
  author = {Ricky T. Q. Chen and contributors},
  note   = {Accessed: 16-Feb-2025},
  title  = {torchdiffeq: {P}y{T}orch {I}mplementation of {D}ifferentiable {ODE} {S}olvers},
  year   = {2018},
  url    = {https://github.com/rtqichen/torchdiffeq},
}

@Book{nocedal1999numerical,
  author    = {Nocedal, Jorge and Wright, Stephen J.},
  publisher = {Springer},
  title     = {{N}umerical {O}ptimization},
  year      = {1999},
  address   = {New York, NY},
}

@Misc{ruder2017overviewgradientdescentoptimization,
  author        = {Sebastian Ruder},
  title         = {{A}n {O}verview of {G}radient {D}escent {O}ptimization {A}lgorithms},
  note          = {Accessed: 16-Feb-2025},
  year          = {2017},
  archiveprefix = {arXiv},
  primaryclass  = {cs.LG},
  url           = {https://arxiv.org/abs/1609.04747},
}

@Article{berkooz1993proper,
  author    = {Berkooz, Gal and Holmes, Philip and Lumley, John L.},
  journal   = {Annual review of fluid mechanics},
  title     = {{T}he {P}roper {O}rthogonal {D}ecomposition in the {A}nalysis of {T}urbulent {F}lows},
  year      = {1993},
  number    = {1},
  pages     = {539--575},
  volume    = {25},
  doi       = {https://doi.org/10.1146/annurev.fl.25.010193.002543},
  publisher = {Annual Reviews 4139 El Camino Way, PO Box 10139, Palo Alto, CA 94303-0139, USA},
}

@Book{bonnans2013perturbation,
  author    = {Bonnans, J. Fr{\'e}d{\'e}ric and Shapiro, Alexander},
  publisher = {Springer Science \& Business Media},
  title     = {{P}erturbation {A}nalysis of {O}ptimization {P}roblems},
  year      = {2013},
  address   = {New York, NY},
}

@Book{diehl2024nonlinear,
  author    = {Diehl, Stefan},
  publisher = {Studentlitteratur AB},
  title     = {{N}onlinear {O}ptimization - {A} {B}asic {C}ourse},
  year      = {2024},
  address   = {Lund, Sweden},
}

@Book{evans2022partial,
  author    = {Evans, Lawrence C.},
  publisher = {American Mathematical Society},
  title     = {{P}artial {D}ifferential {E}quations},
  year      = {2022},
  address   = {Providence, Rhode Island},
}

@Book{peletier2012spatial,
  author    = {Peletier, Lambertus A. and Troy, William C.},
  publisher = {Springer Science \& Business Media},
  title     = {{S}patial {P}atterns: {H}igher {O}rder {M}odels in {P}hysics and {M}echanics},
  year      = {2012},
  address   = {New York, NY},
}

@Book{de1978practical,
  author    = {De Boor, C.},
  publisher = {Springer-Verlag},
  title     = {{A} {P}ractical {G}uide to {S}plines},
  year      = {1978},
  address   = {New York, NY},
}

@Article{vapnik1998statistical,
  author  = {Vapnik, V. N.},
  journal = {IEEE Transactions on Neural Networks},
  title   = {{A}n {O}verview of {S}tatistical {L}earning {T}heory},
  year    = {1999},
  number  = {5},
  pages   = {988-999},
  volume  = {10},
  doi     = {https://doi.org/10.1109/72.788640},
}

@Book{scholkopf2002learning,
  author    = {Sch{\"o}lkopf, B.},
  publisher = {The MIT Press},
  title     = {{L}earning with {K}ernels: {S}upport {V}ector {M}achines, {R}egularization, {O}ptimization, and {B}eyond},
  year      = {2002},
  address   = {Cambridge, MA},
}

@Article{garrigos2023handbook,
  author  = {Garrigos, Guillaume and Gower, Robert M.},
  journal = {arXiv preprint arXiv:2301.11235},
  title   = {{H}andbook of {C}onvergence {T}heorems for ({S}tochastic) {G}radient {M}ethods},
  year    = {2023},
  doi     = {https://doi.org/10.48550/arXiv.2301.11235},
}

@Article{kolda2009tensor,
  author    = {Kolda, Tamara G. and Bader, Brett W.},
  journal   = {SIAM Review},
  title     = {{T}ensor {D}ecompositions and {A}pplications},
  year      = {2009},
  number    = {3},
  pages     = {455--500},
  volume    = {51},
  doi       = {https://doi.org/10.1137/07070111X},
  publisher = {SIAM},
}

@article{virtanen2020scipy,
  author  = {Virtanen, Pauli and Gommers, Ralf and Oliphant, Travis E. and Haberland, Matt and Reddy, Tyler and Cournapeau, David and ... and Contributors},
  title   = {SciPy 1.0: Fundamental Algorithms for Scientific Computing in Python},
  journal = {Nature Methods},
  volume  = {17},
  number  = {3},
  pages   = {261--272},
  year    = {2020},
  doi     = {10.1038/s41592-019-0686-2},
}

@misc{scipy-solveivp,
  author       = {{SciPy Developers}},
  title        = {{`scipy.integrate.solve\_ivp` — SciPy v1.x Manual}},
  howpublished = {\url{https://docs.scipy.org/doc/scipy/reference/generated/scipy.integrate.solve_ivp.html}},
  year         = {2025},
  note         = {Accessed: 2025-03-09},
}

@article{benner2015survey,
author = {Benner, Peter and Gugercin, Serkan and Willcox, Karen},
title={{A} {S}urvey of {P}rojection-{B}ased {M}odel {R}eduction {M}ethods for {P}arametric {D}ynamical {S}ystems},
journal = {SIAM Review},
volume = {57},
number = {4},
pages = {483-531},
year = {2015},
doi = {10.1137/130932715}
}

@Comment{jabref-meta: databaseType:bibtex;}
